@techreport{multivm_saarlang,
     title = {A Virtual Machine for Multi-Language Execution},
     author = {T. Brunklaus and L. Kornstaedt},
     year = {2002},
     institution = {Saarland University}
}

@phdthesis{vranythesis,
  author       = {J. Vran{\'y}}, 
  title        = {Supporting Multiple Languages in Virtual Machines},
  school       = {Czech Technical University, Prague},
  year         = 2010,
}

@article{DBLP:journals/jot/EkmanMS07,
  author    = {T. Ekman and
               P. Mechlenborg and
               U. P. Schultz},
  title     = {Flexible Language Interoperability},
  journal   = {Journal of Object Technology},
  volume    = {6},
  number    = {8},
  pages     = {95--116},
  year      = {2007},
}

@article{DBLP:journals/corr/Springer16,
  author    = {M. Springer},
  title     = {Inter-language Collaboration in an Object-oriented Virtual Machine},
  journal   = {CoRR},
  volume    = {abs/1606.03644},
  year      = {2016},
}

@inproceedings{Dragos:2009:CGT:1565824.1565830,
 author = {Dragos, I. and Odersky, M.},
 title = {Compiling Generics Through User-directed Type Specialization},
 series = {ICOOOLPS '09},
 isbn = {978-1-60558-541-3},
 location = {Genova, Italy},
 pages = {42--47},
 numpages = {6},
 publisher = {ACM},
 address = {New York, NY, USA},
} 

@inproceedings{Kennedy:2001:DIG:378795.378797,
 author = {Kennedy, A. and Syme, D.},
 title = {Design and Implementation of Generics for the {.NET} Common Language Runtime},
 booktitle = {Proceedings of the ACM SIGPLAN 2001 Conference on Programming Language Design and Implementation},
 series = {PLDI '01},
 isbn = {1-58113-414-2},
 location = {Snowbird, Utah, USA},
 pages = {1--12},
 numpages = {12},
 publisher = {ACM},
 address = {New York, NY, USA},
} 

@inproceedings{Bracha:1998:MFS:286936.286957,
 author = {Bracha, G. and Odersky, M. and Stoutamire, D. and Wadler, P.},
 title = {Making the Future Safe for the Past: Adding Genericity to the {Java} Programming Language},
 series = {OOPSLA '98},
 isbn = {1-58113-005-8},
 location = {Vancouver, British Columbia, Canada},
 pages = {183--200},
 numpages = {18},
 publisher = {ACM},
 address = {New York, NY, USA},
} 

@article{Castagna:1995:CCC:203095.203096,
 author = {Castagna, G.},
 title = {Covariance and Contravariance: Conflict Without a Cause},
 journal = {ACM Trans. Program. Lang. Syst.},
 issue_date = {May 1995},
 volume = {17},
 number = {3},
 month = may,
 year = {1995},
 issn = {0164-0925},
 pages = {431--447},
 numpages = {17},
 publisher = {ACM},
 address = {New York, NY, USA},
 keywords = {object-oriented languages, type theory},
} 

@inproceedings{Marr:2015:ZMR:2737924.2737963,
 author = {Marr, S. and Seaton, C. and Ducasse, S.},
 title = {Zero-overhead Metaprogramming: Reflection and Metaobject Protocols Fast and Without Compromises},
 series = {PLDI '15},
 isbn = {978-1-4503-3468-6},
 location = {Portland, OR, USA},
 pages = {545--554},
 numpages = {10},
 publisher = {ACM},
 address = {New York, NY, USA},
 keywords = {Just-in-Time Compilation, Meta-tracing, Metaobject Protocols, Metaprogramming, Partial Evaluation, Proxies, Reflection, Virtual Machines},
} 

@article{Nino:2007:CEJ:1229688.1229690,
 author = {Ni\~{n}o, J.},
 title = {The Cost of Erasure in Java Generics Type System},
 journal = {J. Comput. Sci. Coll.},
 issue_date = {May 2007},
 volume = {22},
 number = {5},
 month = may,
 year = {2007},
 issn = {1937-4771},
 pages = {2--11},
 numpages = {10},
 publisher = {Consortium for Computing Sciences in Colleges},
 address = {USA},
} 

@article{BrachaJuly52004,
  added-at = {2010-11-22T12:50:15.000+0100},
  author = {Bracha, G.},
  interhash = {a08edb9e18af2acede278807cf0b3a77},
  intrahash = {57beee9520510f6cbe1c89167f41f309},
  keywords = {programming generics java language collections},
  timestamp = {2010-11-22T12:50:15.000+0100},
  title = {Generics in the {Java} Programming Language},
  url = {http://www.cs.rice.edu/~cork/312/Readings/GenericsTutorial.pdf},
  year = {July 5, 2004}
}


